A14340000013          UNIODONTO DE MARINGA756SICOOB              2022071900000104DEBITO AUTOMATICO                                                    
E098020300000003          434000000000636169202207190000000000031270310519801                                                                        0
E098020300000004          434000000000667102202207190000000000031270310519901                                                                        0
Z00000400000000000006254                                                                                                                              
