A1EX                  UNIODONTO DE MARINGA748SICREDI CENTRAL     2017120100000104DEBITO AUTOMATICO                                                    
E098003510000313          07182807390       201712010000000000065090310356101                                                                        0
E098003510000351          07183775030       201712010000000000073940310356201                                                                        0
Z00000400000000000013903                                                                                                                              
