A1EX                  UNIODONTO DE MARINGA748SICREDI CENTRAL     2022071900000104DEBITO AUTOMATICO                                                    
E098003510000313          07182807390       202207190000000000065090310356101                                                                        0
E098003510000351          07183775030       202207190000000000073940310356201                                                                        0
Z00000400000000000013903                                                                                                                              
