A1Uniodonto           UNIODONTO MARINGA   001BANCO DO BRASIL     2017120100000104DEBITO AUTOMATICO                                                    
E02084                    118713211X        2012021500000000001001103                                                                                0
E11912                    3512254509        2012021500000000002560003                                                                                0
Z00000400000000000035611                                                                                                                              
